<?xml version="1.0" encoding="UTF-8"?><record xmlns="http://www.loc.gov/MARC21/slim" xmlns:cinclude="http://apache.org/cocoon/include/1.0" xmlns:zs="http://www.loc.gov/zing/srw/">
  <leader>00406nz  a2200133n  4500</leader>
  <controlfield tag="001">no 98054513 </controlfield>
  <controlfield tag="003">DLC</controlfield>
  <controlfield tag="005">19980202044620.4</controlfield>
  <controlfield tag="008">980131n| acannaab|          |n aaa     c</controlfield>
  <datafield tag="010" ind1=" " ind2=" ">
    <subfield code="a">no 98054513 </subfield>
  </datafield>
  <datafield tag="035" ind1=" " ind2=" ">
    <subfield code="a">(OCoLC)oca04641757 </subfield>
  </datafield>
  <datafield tag="040" ind1=" " ind2=" ">
    <subfield code="a">TxCM</subfield>
    <subfield code="c">TxCM</subfield>
  </datafield>
  <datafield tag="100" ind1="1" ind2="0">
    <subfield code="a">Beckmann, Leo</subfield>
  </datafield>
  <datafield tag="670" ind1=" " ind2=" ">
    <subfield code="a">Die 13. Panzer-Division im Bild, 1935-1945, c1988:</subfield>
    <subfield code="b">t.p. (Dr. Leo Beckmann) p. 7 (Major i.G. a.D. Oberstleutnant d.R.)</subfield>
  </datafield>
</record>